@BOOK{pattern,
      AUTHOR = {Bishop, C},
      TITLE = {Pattern recognition and machine learning (information science and statistics)},
      EDITION = {First},
      PUBLISHER = {Springer},
      YEAR = {2006},
      ADDRESS = {New York, New York},
      }

@book{Rasmussen2005,
        __Markedentry = {[dongwook:6]},
        Author = {Rasmussen, C.E. and Williams, C.K.I.},
        Isbn = {9780262182539},
        Lccn = {2005053433},
        Publisher = {MIT Press},
        Series = {Adaptive Computation And Machine Learning},
        Title = {Gaussian {Processes} for Machine Learning},
        Url = {http://books.google.com/books?id=vWtwQgAACAAJ},
        Year = {2005},
        Bdsk-Url-1 = {http://books.google.com/books?id=vWtwQgAACAAJ}}

@InProceedings{ISR_DCCN1,
	author={Dong, C.
	and Change Loy, C.
	and He, K.
	and Tang, X.},
	title={Learning a Deep Convolutional Network for Image Super-Resolution},
	booktitle={Computer Vision -- ECCV 2014},
	year={2014},
	publisher={Springer International Publishing},
	pages={184--199}
	}



@article{ISR_DCCN2, 
	author={Dong, C. and Change Loy, C.},
	title={Image Super-Resolution Using Deep Convolutional Networks}, 
	journal={IEEE Transactions on Pattern Analysis and Machine Intelligence}, 
	volume={38}, 
	month={February}, 
	year={2016} 
	}
      
@inproceedings{IDN, 
	author={Hui, Z. and Wang, X. and Goa, X.}, 
	title={Fast and Accurate Single Image Super-Resolution via Information Distillation Network}, 
	crossref={cvpr2018}}

@proceedings{cvpr2018, 
	booktitle={Proceedings of Conference on Computer Vision and Pattern Recognition}, 
	year={2018}}

@inproceedings{Enhance, 
	author={Sajjadi, M. and Sch{\"o}lkopf, B. and Hirsch, M}, 
	title={EnhanceNet: Single Image Super-Resolution Through Automated Texture Synthesis},
	crossref={iccv2017}}

@proceedings{iccv2017, 
	booktitle={Proceedings of International Conference on Computer Vision}, 
	year={2017}} 

@article{studt, 
	author={Haijun, W. and Gao, X. and Zhang, K. and Li, J.}, 
	title={Single Image Super-Resolution Using Gaussian Process Regression With Dictionary-Based Sampling and Student-t Likelihood}, 
	journal={IEEE Transactions of Image Processing}, 
	volume={26}, 
	pages={3556-3568},
	year={2017}} 

@article{sisrgpr, 
	author={He, H. and Siu, W.}, 
	title={Single Image Super-Resolution using Gaussian Process Regression}, 
	journal={IEEE Xplore}, 
	year={2011}} 
	
